@Manual{R-base,
  title = {R: A Language and Environment for Statistical Computing},
  author = {{R Core Team}},
  organization = {R Foundation for Statistical Computing},
  address = {Vienna, Austria},
  year = {2020},
  url = {https://www.R-project.org/},
}

@Manual{R-bookdown,
  title = {bookdown: Authoring Books and Technical Documents with R Markdown},
  author = {Yihui Xie},
  year = {2020},
  note = {R package version 0.20},
  url = {https://CRAN.R-project.org/package=bookdown},
}

@Manual{R-dplyr,
  title = {dplyr: A Grammar of Data Manipulation},
  author = {Hadley Wickham and Romain François and Lionel Henry and Kirill Müller},
  year = {2020},
  note = {R package version 1.0.0},
  url = {https://CRAN.R-project.org/package=dplyr},
}

@Manual{R-forcats,
  title = {forcats: Tools for Working with Categorical Variables (Factors)},
  author = {Hadley Wickham},
  year = {2020},
  note = {R package version 0.5.0},
  url = {https://CRAN.R-project.org/package=forcats},
}

@Manual{R-ggmap,
  title = {ggmap: Spatial Visualization with ggplot2},
  author = {David Kahle and Hadley Wickham and Scott Jackson},
  year = {2019},
  note = {R package version 3.0.0},
  url = {https://CRAN.R-project.org/package=ggmap},
}

@Manual{R-ggplot2,
  title = {ggplot2: Create Elegant Data Visualisations Using the Grammar of Graphics},
  author = {Hadley Wickham and Winston Chang and Lionel Henry and Thomas Lin Pedersen and Kohske Takahashi and Claus Wilke and Kara Woo and Hiroaki Yutani and Dewey Dunnington},
  year = {2020},
  note = {R package version 3.3.2},
  url = {https://CRAN.R-project.org/package=ggplot2},
}

@Manual{R-ggstance,
  title = {ggstance: Horizontal 'ggplot2' Components},
  author = {Lionel Henry and Hadley Wickham and Winston Chang},
  year = {2020},
  note = {R package version 0.3.4},
  url = {https://CRAN.R-project.org/package=ggstance},
}

@Manual{R-igraph,
  title = {igraph: Network Analysis and Visualization},
  author = {See AUTHORS file.},
  year = {2020},
  note = {R package version 1.2.5},
  url = {https://CRAN.R-project.org/package=igraph},
}

@Manual{R-jsonlite,
  title = {jsonlite: A Robust, High Performance JSON Parser and Generator for R},
  author = {Jeroen Ooms},
  year = {2020},
  note = {R package version 1.7.0},
  url = {https://CRAN.R-project.org/package=jsonlite},
}

@Manual{R-knitr,
  title = {knitr: A General-Purpose Package for Dynamic Report Generation in R},
  author = {Yihui Xie},
  year = {2020},
  note = {R package version 1.29.1},
  url = {https://yihui.org/knitr/},
}

@Manual{R-leaflet,
  title = {leaflet: Create Interactive Web Maps with the JavaScript 'Leaflet'
Library},
  author = {Joe Cheng and Bhaskar Karambelkar and Yihui Xie},
  year = {2019},
  note = {R package version 2.0.3},
  url = {https://CRAN.R-project.org/package=leaflet},
}

@Manual{R-plotly,
  title = {plotly: Create Interactive Web Graphics via 'plotly.js'},
  author = {Carson Sievert and Chris Parmer and Toby Hocking and Scott Chamberlain and Karthik Ram and Marianne Corvellec and Pedro Despouy},
  year = {2020},
  note = {R package version 4.9.2.1},
  url = {https://CRAN.R-project.org/package=plotly},
}

@Manual{R-purrr,
  title = {purrr: Functional Programming Tools},
  author = {Lionel Henry and Hadley Wickham},
  year = {2020},
  note = {R package version 0.3.4},
  url = {https://CRAN.R-project.org/package=purrr},
}

@Manual{R-rAmCharts,
  title = {rAmCharts: JavaScript Charts Tool},
  author = {Benoit Thieurmel and Antanas { Marcelionis} and Jeffery Petit and Elena Salette and Titouan Robert},
  year = {2019},
  note = {R package version 2.1.13},
  url = {https://CRAN.R-project.org/package=rAmCharts},
}

@Manual{R-readr,
  title = {readr: Read Rectangular Text Data},
  author = {Hadley Wickham and Jim Hester and Romain Francois},
  year = {2018},
  note = {R package version 1.3.1},
  url = {https://CRAN.R-project.org/package=readr},
}

@Manual{R-rmarkdown,
  title = {rmarkdown: Dynamic Documents for R},
  author = {JJ Allaire and Yihui Xie and Jonathan McPherson and Javier Luraschi and Kevin Ushey and Aron Atkins and Hadley Wickham and Joe Cheng and Winston Chang and Richard Iannone},
  year = {2020},
  note = {R package version 2.3},
  url = {https://CRAN.R-project.org/package=rmarkdown},
}

@Manual{R-sf,
  title = {sf: Simple Features for R},
  author = {Edzer Pebesma},
  year = {2020},
  note = {R package version 0.9-4},
  url = {https://CRAN.R-project.org/package=sf},
}

@Manual{R-stringr,
  title = {stringr: Simple, Consistent Wrappers for Common String Operations},
  author = {Hadley Wickham},
  year = {2019},
  note = {R package version 1.4.0},
  url = {https://CRAN.R-project.org/package=stringr},
}

@Manual{R-tibble,
  title = {tibble: Simple Data Frames},
  author = {Kirill Müller and Hadley Wickham},
  year = {2020},
  note = {R package version 3.0.1},
  url = {https://CRAN.R-project.org/package=tibble},
}

@Manual{R-tidyr,
  title = {tidyr: Tidy Messy Data},
  author = {Hadley Wickham and Lionel Henry},
  year = {2020},
  note = {R package version 1.1.0},
  url = {https://CRAN.R-project.org/package=tidyr},
}

@Manual{R-tidyverse,
  title = {tidyverse: Easily Install and Load the 'Tidyverse'},
  author = {Hadley Wickham},
  year = {2019},
  note = {R package version 1.3.0},
  url = {https://CRAN.R-project.org/package=tidyverse},
}

@Manual{R-visNetwork,
  title = {visNetwork: Network Visualization using 'vis.js' Library},
  author = {{Almende B.V.} and Benoit Thieurmel and Titouan Robert},
  year = {2019},
  note = {R package version 2.0.9},
  url = {https://CRAN.R-project.org/package=visNetwork},
}

@Book{bookdown2016,
  title = {bookdown: Authoring Books and Technical Documents with {R} Markdown},
  author = {Yihui Xie},
  publisher = {Chapman and Hall/CRC},
  address = {Boca Raton, Florida},
  year = {2016},
  note = {ISBN 978-1138700109},
  url = {https://github.com/rstudio/bookdown},
}

@Article{ggmap2013,
  author = {David Kahle and Hadley Wickham},
  title = {ggmap: Spatial Visualization with ggplot2},
  journal = {The R Journal},
  year = {2013},
  volume = {5},
  number = {1},
  pages = {144--161},
  url = {https://journal.r-project.org/archive/2013-1/kahle-wickham.pdf},
}

@Book{ggplot22016,
  author = {Hadley Wickham},
  title = {ggplot2: Elegant Graphics for Data Analysis},
  publisher = {Springer-Verlag New York},
  year = {2016},
  isbn = {978-3-319-24277-4},
  url = {https://ggplot2.tidyverse.org},
}

@Article{igraph2006,
  title = {The igraph software package for complex network research},
  author = {Gabor Csardi and Tamas Nepusz},
  journal = {InterJournal},
  volume = {Complex Systems},
  pages = {1695},
  year = {2006},
  url = {http://igraph.org},
}

@Article{jsonlite2014,
  title = {The jsonlite Package: A Practical and Consistent Mapping Between JSON Data and R Objects},
  author = {Jeroen Ooms},
  journal = {arXiv:1403.2805 [stat.CO]},
  year = {2014},
  url = {https://arxiv.org/abs/1403.2805},
}

@Book{knitr2015,
  title = {Dynamic Documents with {R} and knitr},
  author = {Yihui Xie},
  publisher = {Chapman and Hall/CRC},
  address = {Boca Raton, Florida},
  year = {2015},
  edition = {2nd},
  note = {ISBN 978-1498716963},
  url = {https://yihui.org/knitr/},
}

@InCollection{knitr2014,
  booktitle = {Implementing Reproducible Computational Research},
  editor = {Victoria Stodden and Friedrich Leisch and Roger D. Peng},
  title = {knitr: A Comprehensive Tool for Reproducible Research in {R}},
  author = {Yihui Xie},
  publisher = {Chapman and Hall/CRC},
  year = {2014},
  note = {ISBN 978-1466561595},
  url = {http://www.crcpress.com/product/isbn/9781466561595},
}

@Book{plotly2020,
  author = {Carson Sievert},
  title = {Interactive Web-Based Data Visualization with R, plotly, and shiny},
  publisher = {Chapman and Hall/CRC},
  year = {2020},
  isbn = {9781138331457},
  url = {https://plotly-r.com},
}

@Book{rmarkdown2018,
  title = {R Markdown: The Definitive Guide},
  author = {Yihui Xie and J.J. Allaire and Garrett Grolemund},
  publisher = {Chapman and Hall/CRC},
  address = {Boca Raton, Florida},
  year = {2018},
  note = {ISBN 9781138359338},
  url = {https://bookdown.org/yihui/rmarkdown},
}

@Article{sf2018,
  author = {Edzer Pebesma},
  title = {{Simple Features for R: Standardized Support for Spatial Vector Data}},
  year = {2018},
  journal = {{The R Journal}},
  doi = {10.32614/RJ-2018-009},
  url = {https://doi.org/10.32614/RJ-2018-009},
  pages = {439--446},
  volume = {10},
  number = {1},
}

@Article{tidyverse2019,
  title = {Welcome to the {tidyverse}},
  author = {Hadley Wickham and Mara Averick and Jennifer Bryan and Winston Chang and Lucy D'Agostino McGowan and Romain François and Garrett Grolemund and Alex Hayes and Lionel Henry and Jim Hester and Max Kuhn and Thomas Lin Pedersen and Evan Miller and Stephan Milton Bache and Kirill Müller and Jeroen Ooms and David Robinson and Dana Paige Seidel and Vitalie Spinu and Kohske Takahashi and Davis Vaughan and Claus Wilke and Kara Woo and Hiroaki Yutani},
  year = {2019},
  journal = {Journal of Open Source Software},
  volume = {4},
  number = {43},
  pages = {1686},
  doi = {10.21105/joss.01686},
}

